@online{robsoncamargo,
    author = {Robson Camargo},
    title = {PMBOK: O que é e qual sua importância no gerenciamento de projetos?},
    year = {Acesso em 2023},
    url = {https://robsoncamargo.com.br/blog/PMBOK},
}

@online{totvs,
    author = {TOTVS},
    title = {O que é PMBOK e como ele auxilia no gerenciamento de projetos?},
    year = {Acesso em 2023},
    url = {https://www.totvs.com/blog/negocios/pmbok/},
}

@online{blogaevo,
    author = {AEVO},
    title = {PMBOK: Guia completo para entender tudo sobre a metodologia!},
    year = {Acesso em 2023},
    url = {https://blog.aevo.com.br/pmbok-guia-completo/},
}